@misc{566154,
    title = {Why do we want probabilities to be countably additive?},
    author = {Carl Mummert},
    howpublished = {Mathematics Stack Exchange},
    url = {https://math.stackexchange.com/q/566154},
}
@misc{enwiki:1173641705,
    TITLE = {\(\sigma\text{-algebra}\) --- {Wikipedia}{,} The Free Encyclopedia},
    AUTHOR = {Wikipedia contributors},
    URL = {
           https://en.wikipedia.org/w/index.php?title=%CE%A3-algebra&oldid=1173641705
           },
}
@misc{enwiki:1166251052,
    author = "{Wikipedia contributors}",
    title = "Stationary process --- {Wikipedia}{,} The Free Encyclopedia",
    url = "https://en.wikipedia.org/wiki/Stationary_process#Motivation",
    note = "motivation of weak-sense stationarity"
}
