@misc{enwiki:1223826857,
    author = "{Wikipedia contributors}",
    title = "Information content --- {Wikipedia}{,} The Free Encyclopedia",
    year = "2024",
    howpublished = "\url{
                    https://en.wikipedia.org/w/index.php?title=Information_content
                    \&oldid=1223826857 }",
    note = "[Online; accessed 21-May-2024]",
}
@misc{enwiki:1224736345,
    author = "{Wikipedia contributors}",
    title = "Mutual information --- {Wikipedia}{,} The Free Encyclopedia",
    year = "2024",
    howpublished = "\url{
                    https://en.wikipedia.org/w/index.php?title=Mutual_information
                    \&oldid=1224736345 }",
    note = "[Online; accessed 21-May-2024]",
}
@misc{enwiki:1224220926,
    author = "{Wikipedia contributors}",
    title = "Kullback-Leibler divergence --- {Wikipedia}{,} The Free
             Encyclopedia",
    year = "2024",
    howpublished = "\url{ https://en.wikipedia.org/w/index.php?title=Kullback\%
                    E2\%80\%93Leibler_divergence\&oldid=1224220926 }",
    note = "[Online; accessed 21-May-2024]",
}
