@article{121791,
	title = {A method for registration of 3-D shapes},
	volume = {14},
	url = {https://graphics.stanford.edu/courses/cs164-09-spring/Handouts/paper_icp.pdf},
	doi = {10.1109/34.121791},
	pages = {239--256},
	number = {2},
	journaltitle = {{IEEE} Transactions on Pattern Analysis and Machine Intelligence},
	author = {Besl, P.J. and {McKay}, Neil D.},
	date = {1992},
	keywords = {Convergence, Inspection, Iterative algorithms, Iterative closest point algorithm, Iterative methods, Motion estimation, Quaternions, Shape measurement, Solid modeling, Testing},
	file = {Full Text:/home/shuqi/Zotero/storage/W8UJJI2Y/Besl and McKay - 1992 - A method for registration of 3-D shapes.pdf:application/pdf},
}

