@article{kerbl3Dgaussians,
	title = {3D gaussian splatting for real-time radiance field rendering},
	volume = {42},
	url = {https://repo-sam.inria.fr/fungraph/3d-gaussian-splatting/},
	number = {4},
	journaltitle = {{ACM} Transactions on Graphics},
	author = {Kerbl, Bernhard and Kopanas, Georgios and Leimk√ºhler, Thomas and Drettakis, George},
	date = {2023-07},
}
