@inproceedings{engel2016dso,
    author = {J. Engel and V. Koltun and D. Cremers},
    title = { Direct Sparse Odometry},
    booktitle = {arXiv:1607.02565},
    arxiv = { arXiv:1607.02565},
    year = {2016},
    month = {July},
    keywords = {mono-ds,dso, vslam},
}

@inproceedings{newcombe2011kinectfusion,
    title = {Kinectfusion: Real-time dense surface mapping and tracking},
    author = {Newcombe, Richard A and Izadi, Shahram and Hilliges, Otmar and
              Molyneaux, David and Kim, David and Davison, Andrew J and Kohi,
              Pushmeet and Shotton, Jamie and Hodges, Steve and Fitzgibbon,
              Andrew},
    booktitle = {2011 10th IEEE international symposium on mixed and augmented
                 reality},
    pages = {127--136},
    year = {2011},
    organization = {Ieee},
    url = {https://ieeexplore.ieee.org/abstract/document/6162880/},
}
