@misc{enwiki:1136534469,
    author = "{Wikipedia contributors}",
    title = "State-space representation --- {Wikipedia}{,} The Free Encyclopedia
             ",
    year = "2023",
    howpublished = "\url{
                    https://en.wikipedia.org/w/index.php?title=State-space_representation&oldid=1136534469
                    }",
    note = "[Online; accessed 26-February-2023]",
}
@misc{enwiki:1137893847,
    author = "{Wikipedia contributors}",
    title = "Estimator --- {Wikipedia}{,} The Free Encyclopedia",
    year = "2023",
    howpublished = "\url{
                    https://en.wikipedia.org/w/index.php?title=Estimator&oldid=1137893847
                    }",
    note = "[Online; accessed 26-February-2023]",
}
@misc{enwiki:1141587865,
    author = "{Wikipedia contributors}",
    title = "Kalman filter --- {Wikipedia}{,} The Free Encyclopedia",
    year = "2023",
    howpublished = "\url{
                    https://en.wikipedia.org/w/index.php?title=Kalman_filter&oldid=1141587865
                    }",
    note = "[Online; accessed 27-February-2023]",
}
@article{kalman_new_1960,
    title = {A New Approach to Linear Filtering and Prediction Problems},
    volume = {82},
    issn = {0021-9223},
    url = {
           https://asmedigitalcollection.asme.org/fluidsengineering/article/82/1/35/397706/A-New-Approach-to-Linear-Filtering-and-Prediction
           },
    doi = {10.1115/1.3662552},
    pages = {35--45},
    number = {1},
    journaltitle = {Journal of Basic Engineering},
    author = {Kalman, R. E.},
    date = {1960-03-01},
    langid = {english},
}
